@article{key1,
  title={Scalings of matrices which have prespecified row sums and column sums via optimization},
  author={Rothblum, U. and Schneider, H.},
  journal={Linear Algebra and its Applications},
  volume={114},
  pages={737--764},
  year={1989}
}

@article{key2,
  title={{\"U}ber die vollen Invariantensysteme},
  author={Hilbert, D.},
  journal={Mathematische Annalen},
  volume={42},
  number={3},
  pages={313--373},
  year={1893}
}

@book{key3,
  title={Geometric Invariant Theory},
  author={Mumford, D. and Fogarty, J. and Kirwan, F.},
  year={1994},
  publisher={Springer},
  location={Berlin}
}

@article{key4,
  title={Commutative/noncommutative rank of linear matrices and subspaces of matrices of low rank},
  author={Fortin, M. and Reutenauer, C.},
  journal={S{\'e}minaire Lotharingien de Combinatoire},
  volume={52},
  pages={B52f},
  year={2004}
}


@book{key5,
  title={Geometric Invariant Theory},
  author={Wallach, N.},
  location={Cham},
  year={2017},
  publisher={Springer}
}

@incollection{key6,
  title={The length of vectors in representation spaces},
  author={Kempf, G. and Ness, L.},
  booktitle={Algebraic Geometry(Summer Meeting, Copenhagen, August 7–12, 1978), Lecture Notes in Mathematics},
  volume={732},
  pages={233--243},
  year={1979},
  publisher={Springer}
}

@book{key7,
  title={An Introduction to Optimization on Smooth Manifolds},
  author= {Bou{m}a{l}, N.},
  publisher={Cambridge University Press},
  location={Cambridge},
  year={2022}
}

@inproceedings{key8,
  title={Towards a theory of non-commutative optimization: Geodesic 1st and 2nd order methods for moment maps and polytopes},
  author={B{\"u}rgisser, P. and Franks, C. and Garg, A. and Oliveira, R. and Walter, M. and Wigderson, A.},
  booktitle={2019 IEEE 60th Annual Symposium on Foundations of Computer Science (FOCS)},
  pages={845--861},
  year={2019}
}

@article{key9,
  title={A stratification of the null cone via the moment map},
  author={Ness, L. and Mumford, D.},
  journal={American Journal of Mathematics},
  volume={106},
  number={6},
  pages={1281--1329},
  year={1984}
}

@article{key10,
  title={Moment polytopes in real symplectic geometry {I}},
  author={Paradan, P.},
  journal={arXiv:2012.08837},
  year={2020}
}

@article{key11,
  title={Real Moment Maps},
  author={Uzawa, T.},
  journal={RIMS Kôkyûroku},
  volume={778},
  pages={80--83},
  year={1992}
}

@article{key12,
  title={Convex analysis on Hadamard spaces and scaling problems},
  author={Hirai, H.},
  journal={arXiv preprint arXiv:2203.03193},
  year={2022}
}

@article{key13,
  title={Operator scaling: theory and applications},
  author={Garg, A. and Gurvits, L. and Oliveira, R. and Wigderson, A.},
  journal={Foundations of Computational Mathematics},
  volume={20},
  number={2},
  pages={223--290},
  year={2020}
}

@article{key14,
  title={A relationship between arbitrary positive matrices and doubly stochastic matrices},
  author={Sinkhorn, R.},
  journal={The Annals of Mathematical Statistics},
  volume={35},
  number={2},
  pages={876--879},
  year={1964}
}

@article{key15,
  title={Classical complexity and quantum entanglement},
  author={Gurvits, L.},
  journal={Journal of Computer and System Sciences},
  volume={69},
  number={3},
  pages={448--484},
  year={2004}
}

@article{key16,
  title={Minimum vectors for real reductive algebraic groups},
  author={Richardson, R. and Slodowy, P.},
  journal={Journal of the London Mathematical Society},
  volume={2},
  number={3},
  pages={409--429},
  year={1990}
}

@article{key17,
  title={A deterministic strongly polynomial algorithm for matrix scaling and approximate permanents},
  author={Linial, N. and Samorodnitsky, A. and Wigderson, A.},
  journal={Combinatorica},
  volume={20},
  number={4},
  pages={545--568},
  year={2000}
}

@inproceedings{key18,
  title={Operator scaling: theory, applications and connections},
  author={Wigderson, Avi},
  booktitle={Lecture Notes for the Tutorial at the 32nd Computational Complexity Conference (CCC)},
  year={2017}
}

@book{key19,
  title={Computational Invariant Theory},
  author={Derksen, H. and Kemper, G.},
  year={2015},
  publisher={Springer},
  location={Berlin}
}


@inproceedings{key21,
  title={Efficient algorithms for tensor scaling, quantum marginals, and moment polytopes},
  author={B{\"u}rgisser, P. and Franks, C. and Garg, A. and Oliveira, R. and Walter, M. and Wigderson, A.},
  booktitle={2018 IEEE 59th Annual Symposium on Foundations of Computer Science (FOCS)},
  pages={883--897},
  year={2018}
}

@article{key22,
  title={Algorithmic and optimization aspects of {B}rascamp-{L}ieb inequalities, via operator scaling},
  author={Garg, A. and Gurvits, L. and Oliveira, R. and Wigderson, A.},
  journal={Geometric and Functional Analysis},
  volume={28},
  number={1},
  pages={100--145},
  year={2018}
}

@article{key23,
  title={Convexity properties of the moment mapping},
  author={Guillemin, V. and Sternberg, S.},
  journal={Inventiones Mathematicae},
  volume={67},
  number={3},
  pages={491--513},
  year={1982}
}

@book{key24,
  title={Metric Spaces of Non-Positive Curvature},
  author={Bridson, M. and Haefliger, A.},
  year={2013},
  publisher={Springer},
  location={Berlin}
}

@article{key25,
  title={On the real moment map},
  author={Marian, A.},
  journal={Mathematical Research Letters},
  volume={8},
  number={6},
  pages={779--788},
  year={2001}
}

@book{key26,
  title={Differential Geometry, Lie groups, and Symmetric Spaces},
  author={Helgason, S.},
  year={1979},
  publisher={Academic Press},
  location={New York}
}

@book{key27,
  title={Lie Groups, Lie Algebras, and Representations: An Elementary Introduction},
  author={Hall, B.},
  year={2015},
  publisher={Springer},
  location={Cham}
}

@book{key28,
  title={Foundations of Optimization},
  author={G{\"u}ler, O.},
  year={2010},
  publisher={Springer},
  location={New York}
}