@article{key1,
  title={Scalings of matrices which have prespecified row sums and column sums via optimization},
  author={Rothblum, Uriel G and Schneider, Hans},
  journal={Linear Algebra and its Applications},
  volume={114},
  pages={737--764},
  year={1989},
  publisher={Elsevier}
}

@article{key2,
  title={{\"U}ber die vollen Invariantensysteme},
  author={Hilbert, David},
  journal={Mathematische annalen},
  volume={42},
  number={3},
  pages={313--373},
  year={1893},
  publisher={Springer}
}

@book{key3,
  title={Geometric invariant theory},
  author={Mumford, David and Fogarty, John and Kirwan, Frances},
  volume={34},
  year={1994},
  publisher={Springer Science \& Business Media}
}

@article{key4,
  title={Commutative/noncommutative rank of linear matrices and subspaces of matrices of low rank},
  author={Fortin, Marc and Reutenauer, Christophe},
  journal={S{\'e}minaire Lotharingien de Combinatoire},
  volume={52},
  pages={B52f},
  year={2004}
}


@article{key5,
  title={Geometric invariant theory},
  author={Wallach, Nolan R},
  journal={Cham: Springer},
  year={2017},
  publisher={Springer}
}

@incollection{key6,
  title={The length of vectors in representation spaces},
  author={Kempf, George and Ness, Linda},
  booktitle={Algebraic geometry},
  pages={233--243},
  year={1979},
  publisher={Springer}
}

@article{key7,
  title={An introduction to optimization on smooth manifolds},
  author={Boumal, Nicolas},
  journal={Available online, May},
  volume={3},
  year={2022}
}

@article{key8,
  title={Towards a theory of non-commutative optimization: geodesic},
  author={B{\"u}rgisser, Peter and Franks, Cole and Garg, Ankit and Oliveira, Rafael and Walter, Michael and Wigderson, Avi},
  journal={arXiv:1910.12375},
  year={2019}
}

@article{key9,
  title={A stratification of the null cone via the moment map},
  author={Ness, Linda and Mumford, David},
  journal={American Journal of Mathematics},
  volume={106},
  number={6},
  pages={1281--1329},
  year={1984},
  publisher={JSTOR}
}

@article{key10,
  title={Moment polytopes in real symplectic geometry I},
  author={Paradan, Paul-Emile},
  journal={arXiv preprint arXiv:2012.08837},
  year={2020}
}

@article{key11,
  title={Real Moment Maps},
  author={UZAWA, Tohru},
  journal={RIMS Kôkyûroku},
  volume={778},
  pages={80--83},
  year={1992}
}

@article{key12,
  title={Convex analysis on Hadamard spaces and scaling problems},
  author={Hirai, Hiroshi},
  journal={arXiv preprint arXiv:2203.03193},
  year={2022}
}

@article{key13,
  title={Operator scaling: theory and applications},
  author={Garg, A. and Gurvits, L. and Oliveira, R. and Wigderson, A.},
  journal={Foundations of Computational Mathematics},
  pages={1--68},
  year={2019},
  publisher={Springer}
}

@article{key14,
  title={A relationship between arbitrary positive matrices and doubly stochastic matrices},
  author={Sinkhorn, Richard},
  journal={The annals of mathematical statistics},
  volume={35},
  number={2},
  pages={876--879},
  year={1964},
  publisher={JSTOR}
}

@article{key15,
  title={Classical complexity and quantum entanglement},
  author={Gurvits, Leonid},
  journal={Journal of Computer and System Sciences},
  volume={69},
  number={3},
  pages={448--484},
  year={2004},
  publisher={Elsevier}
}

@article{key16,
  title={Minimum vectors for real reductive algebraic groups},
  author={Richardson, Roger Wolcott and Slodowy, Peter J},
  journal={Journal of the London Mathematical Society},
  volume={2},
  number={3},
  pages={409--429},
  year={1990},
  publisher={Wiley Online Library}
}

@article{key22,
  title={Algorithmic and optimization aspects of Brascamp-Lieb inequalities, via operator scaling},
  author={Garg, A. and Gurvits, L. and Oliveira, R. and Wigderson, A.},
  journal={Geometric and Functional Analysis},
  volume={28},
  number={1},
  pages={100--145},
  year={2018}
}

@book{key26,
  title={Differential geometry, Lie groups, and symmetric spaces},
  author={Helgason, Sigurdur},
  year={1979},
  publisher={Academic press}
}